3148 5128
735 270 775 340 31

179 473 254 522 num
270 456 437 542 appellant,
461 461 544 544 quod
565 481 619 542 pro
643 461 755 542 grandi
777 462 991 527 benedictione
1016 461 1147 529 tollitur.
1184 461 1247 530 Vas
1264 480 1325 548 quo

178 561 331 642 portatur,
353 563 381 625 si
396 562 558 644 impletum
580 564 674 626 fuerit
689 569 719 626 et
736 564 869 627 uolueris
885 566 1071 646 retemptare
1089 566 1128 630 ad
1144 566 1324 645 tollendum,

178 661 241 725 iam
270 680 330 726 non
352 663 387 726 ld
410 664 518 744 recipit
545 682 601 727 nee
624 665 719 728 tenet.
763 665 799 726 ln
834 683 922 745 quern
958 665 1060 729 locum
1093 667 1325 748 quanticunque

178 763 298 842 aegroti
321 764 453 827 maxime
475 763 668 828 daemoniaci
691 765 863 846 pertingere
886 766 1051 846 potuerint,
1074 785 1177 830 omnes
1201 769 1325 830 salvan·

178 866 239 926 tur.
277 862 367 942 Quod
390 863 533 930 tollentes
556 884 609 947 pro
634 865 844 930 benedictione
864 884 924 929 non
945 884 1012 929 eum
1037 867 1191 948 permittit
1211 868 1347 931 iterums

178 963 259 1027 exire
287 983 340 1045 por
363 965 491 1045 Glisma,
524 966 575 1030 sed
599 967 815 1031 commiscetur
844 985 913 1030 curn
937 967 1012 1031 oleo.
1054 967 1136 1032 Nam
1164 968 1195 1032 et
1216 971 1242 1032 si
1264 988 1324 1032 non

178 1063 409 1130 adulteraretur
425 1067 514 1130 credo
531 1067 604 1148 quia
623 1067 722 1146 ipsam
738 1067 886 1130 virtutem
909 1085 1027 1148 semper·
1041 1072 1229 1149 operaretur,
1252 1089 1323 1132 uam

177 1163 282 1245 liquor
305 1166 403 1247 ipsius
419 1167 570 1246 unguenti
593 1168 677 1231 tenet
699 1168 845 1231 continuo
868 1185 920 1248 per
939 1168 1028 1232 milla
1050 1168 1120 1232 due.
1157 1168 1241 1232 Odor
1258 1170 1322 1250 qui-

178 1263 248 1327 dem
271 1266 462 1348 sulphureus.
503 1267 660 1348 Qualisvis
681 1269 764 1332 enim
785 1269 953 1350 tempestas
975 1270 1071 1333 maris
1094 1269 1144 1348 sit,
1167 1269 1249 1333 intra
1271 1271 1324 1334 lit·
1413 1297 1416 1303 ·

178 1366 245 1428 tore
267 1366 322 1430 illo
345 1369 389 1431 sio
411 1369 484 1434 stat.
532 1370 618 1434 Intra
641 1369 802 1433 civitatem
823 1369 922 1451 ipsam
947 1369 1062 1433 Glisma
1081 1370 1167 1433 intus
1189 1371 1220 1433 in
1245 1371 1358 1434 basi-10

177 1464 238 1530 lica
273 1467 407 1530 vidimus
440 1469 564 1533 locellos
602 1469 719 1549 ligneos
757 1473 936 1535 sanctorum
971 1471 1094 1551 patrum
1124 1472 1323 1534 eremitarum

178 1565 263 1631 ultra
286 1567 390 1631 deoem
415 1570 445 1633 et
468 1570 546 1633 octo.

279 1665 322 1732 43
356 1667 473 1732 Exinde
490 1669 629 1732 venimus
646 1688 698 1750 per
720 1689 855 1734 eremum
873 1671 913 1734 ad
934 1671 1111 1753 speluncam
1128 1671 1210 1736 beati
1226 1672 1324 1746 Pauli,

178 1769 236 1831 hoo
258 1769 305 1832 cst
327 1767 526 1850 Syracumba,
550 1769 604 1850 qui
625 1767 692 1834 fons
717 1789 811 1852 usque
829 1770 980 1836 haetenus
1002 1772 1094 1851 rigat.
1130 1772 1248 1837 Deinde
1269 1775 1324 1838 ite

18 1861 20 1866 ’
73 1928 77 1934 ,
178 1885 249 1930 rum
273 1888 325 1949 per
348 1887 483 1932 eremum
500 1869 640 1933 venimus
663 1870 701 1933 ad
717 1872 909 1934 catarractas
924 1871 998 1952 Nili,
1022 1871 1074 1934 ubi
1090 1872 1228 1936 aseendit
1243 1891 1324 1955 aqua
1333 1897 1357 1936 11

178 1967 218 2031 ad
241 1968 375 2048 signum.
420 1969 553 2034 blunitio
575 1988 671 2033 manu
695 1971 778 2034 lacta
803 1970 946 2052 neminie,
969 1971 1026 2034 hoe
1049 1972 1095 2035 est
1116 1973 1231 2051 gradus
1252 1975 1324 2040 XII.

178 2069 215 2131 ln
248 2071 385 2150 proximo
417 2070 663 2135 catarractarum
699 2089 734 2134 ex
767 2072 899 2152 utraque
928 2073 1015 2152 parte
1041 2071 1108 2136 Nili
1141 2075 1214 2136 sunt
1246 2074 1325 2140 duae

178 2169 331 2244 civitates,
365 2189 441 2252 quas
464 2171 573 2235 dieunt
596 2171 677 2236 filias
698 2172 778 2236 Loth
800 2170 976 2252 fabricasse,
999 2191 1035 2234 ex
1058 2173 1170 2254 quibus
1192 2194 1257 2239 unu
1278 2176 1324 2239 di·

178 2270 259 2334 citur
293 2271 475 2354 Babylonia.
527 2272 690 2336 Venientes
723 2291 777 2353 per
809 2260 933 2353 campos
967 2272 1086 2337 Taneos
1119 2275 1259 2339 venimus
1291 2277 1323 2339 in

177 2371 354 2452 Memphim
383 2373 541 2439 civitatem
569 2375 599 2438 et
622 2373 770 2452 Antinoe,
802 2374 834 2436 in
858 2393 919 2455 qua
948 2373 1100 2439 residebat
1123 2373 1254 2458 Pharao,
1288 2394 1357 2439 exeo

179 2573 193 2624 1
214 2572 288 2640 quod
306 2571 357 2626 EG
373 2573 377 2638 Ι
393 2573 503 2627 tollitur
522 2578 561 2638 >
581 2574 604 2626 G
620 2576 624 2640 Ι
641 2575 689 2642 qui
708 2573 732 2628 G
751 2573 825 2641 quod
844 2573 870 2628 R
895 2574 899 2641 Ι
924 2573 941 2626 2
960 2573 983 2626 si
1002 2576 1017 2639 β
1036 2577 1065 2626 et
1084 2573 1133 2628 RG
1157 2578 1161 2641 Ι
1183 2579 1323 2629 retentare

177 2643 203 2697 R
222 2644 356 2697 reiterare
376 2644 398 2696 G
425 2648 428 2710 Ι
452 2646 469 2697 3
489 2663 551 2698 eum
569 2645 620 2698 RG
645 2645 649 2712 Ι
674 2647 781 2713 recepit
799 2645 823 2698 G
843 2650 847 2714 Ι
870 2646 943 2698 tenit
961 2645 985 2698 G
1008 2647 1013 2709 Ι
1035 2645 1068 2696 In
1087 2663 1141 2713 quo
1160 2646 1221 2700 loeo
1240 2646 1264 2699 G
1285 2647 1322 2712 15

178 2732 260 2783 quem
278 2715 328 2768 RG
345 2723 349 2782 Ι
366 2733 426 2768 eam
445 2715 469 2768 G
485 2717 489 2784 Ι
506 2717 608 2770 iterum
627 2717 703 2770 exire
725 2721 762 2780 >
784 2717 807 2770 G
824 2717 828 2784 Ι
844 2718 860 2771 6
879 2717 913 2770 de
933 2716 971 2768 ul.
991 2715 1242 2777 Gleommiscitur
1255 2717 1323 2787 Re}

177 2788 270 2839 oleum
288 2787 314 2840 R
330 2792 334 2852 Ι
351 2790 380 2840 et
399 2789 437 2849 >
458 2786 482 2841 G
498 2787 502 2856 Ι
525 2789 540 2840 7
560 2788 729 2855 operabatur
749 2787 773 2840 G
794 2791 797 2853 Ι
819 2789 835 2841 8
854 2788 928 2858 ligor
946 2787 970 2840 G
986 2785 990 2857 Ι
1006 2791 1084 2841 tenet
1102 2787 1126 2840 G
1142 2793 1146 2853 Ι
1163 2789 1179 2842 9
1198 2789 1271 2842 infra
1291 2791 1322 2841 li·

178 2874 294 2982 quopKerln
313 2859 392 2982 Itum
410 2857 435 2911 R
455 2859 528 2912 infra
547 2860 630 2912 litore
648 2861 802 2924 (vaoeseere
819 2859 849 2912 c‘n
868 2861 969 2930 ligore)
988 2859 1037 2912 illo
1056 2859 1080 2912 G
1097 2861 1101 2928 Ι
1119 2861 1152 2914 10
1170 2859 1247 2914 Infra
1264 2861 1324 2930 ael

280 3002 313 3054 13
331 3000 407 3054 beati
426 3005 461 3065 >
486 3002 513 3054 R
529 3004 533 3067 Ι
551 2999 587 3054 14Ι
603 3019 673 3070 quae
693 3001 716 3055 G
732 3004 736 3068 Ι
754 3007 866 3056 actenus
886 3002 935 3056 RG
951 3005 955 3069 Ι
971 3003 1081 3056 Exinde
1099 3002 1124 3056 R
1141 3004 1145 3071 Ι
1166 3003 1198 3056 15
1217 3007 1322 3056 cetrae·

177 3072 232 3126 tias
252 3073 275 3126 G
292 3078 296 3138 Ι
313 3073 346 3126 16
366 3074 447 3143 signo
466 3071 490 3126 G
506 3081 510 3137 Ι
525 3073 645 3127 municio
663 3091 776 3126 manum
795 3073 819 3126 G
835 3079 839 3139 Ι
857 3075 890 3129 17
908 3076 1066 3142 proximum
1087 3073 1111 3126 G
1127 3080 1130 3139 Ι
1148 3076 1182 3128 18
1199 3073 1322 3127 filiarum

177 3144 202 3198 R
218 3147 222 3210 Ι
238 3144 421 3198 fabricassent
437 3143 460 3197 G
476 3150 480 3212 Ι
498 3145 604 3198 18-20
622 3145 771 3199 fabricasse
790 3146 831 3199 bis
843 3145 996 3215 Memphim
1010 3150 1048 3207 >
1059 3146 1085 3199 R
1101 3147 1105 3212 Ι
1122 3163 1208 3199 unum
1227 3145 1251 3198 G
1267 3144 1271 3216 Ι
1289 3147 1322 3199 19

177 3215 319 3270 babillone
338 3217 362 3270 G
383 3214 387 3286 Ι
408 3233 521 3284 campus
540 3217 563 3270 G
588 3221 593 3284 Ι
618 3217 653 3270 20
672 3217 798 3285 nemphis
817 3217 929 3280 civitate
951 3217 974 3271 G
1000 3217 1004 3286 Ι
1029 3217 1153 3270 Antinuo
1173 3215 1198 3270 G
1216 3217 1322 3271 Antino

179 3409 193 3459 1
215 3408 357 3476 appellant
377 3409 425 3476 qui
444 3407 561 3461 BrhlBV
584 3413 687 3462 vocant
711 3409 786 3477 qnod
811 3414 824 3462 t
848 3409 853 3478 Ι
878 3410 906 3463 in
931 3428 985 3479 quo
1009 3414 1074 3477 (qua
1093 3409 1122 3474 B)
1144 3412 1275 3478 portatur
1299 3410 1322 3463 si

178 3479 255 3546 impl.
276 3479 295 3532 f.
320 3481 461 3548 (impletur
481 3477 514 3546 Β)
534 3482 569 3545 βΙ
592 3480 760 3534 Ereiterare
779 3484 794 3547 β
816 3479 819 3550 Ι
840 3483 857 3534 3
875 3481 916 3548 id]
935 3499 997 3534 eum
1017 3480 1144 3548 sslcapit
1163 3484 1177 3545 β
1194 3479 1198 3549 Ι
1214 3497 1264 3534 nec
1282 3485 1322 3533 te-

178 3557 227 3602 net
246 3555 284 3611 >
304 3555 319 3616 β
335 3554 339 3619 Ι
356 3552 387 3604 ln
407 3568 461 3618 quo
480 3551 540 3604 loeo
561 3554 576 3617 β
592 3554 596 3616 Ι
619 3553 637 3604 4
656 3552 833 3619 maximeque
851 3553 1031 3621 energumeni
1049 3552 1101 3603 MV
1120 3569 1156 3603 m.
1176 3551 1267 3620 egroti
1287 3553 1323 3603 Br

178 3622 219 3684 >
239 3621 274 3674 Bt
290 3623 294 3686 Ι
310 3627 443 3676 sanantur
462 3626 477 3687 β
493 3624 497 3686 Ι
519 3623 536 3675 5
555 3622 614 3688 Que
633 3622 656 3676 V
673 3621 676 3692 Ι
692 3625 860 3690 permittunt
879 3624 909 3677 it.
929 3624 1046 3676 introire
1066 3627 1080 3688 β
1105 3625 1109 3687 Ι
1135 3623 1151 3675 6
1173 3626 1322 3690 antequam

178 3693 397 3746 commisceatur.
434 3693 506 3747 Nam
525 3694 548 3746 si
567 3697 656 3759 11011β
679 3697 683 3759 Ι
706 3696 767 3748 let
788 3695 876 3762 ipsam
897 3693 1093 3758 Vlfaoeretb
1119 3698 1123 3757 Ι
1148 3694 1164 3746 8
1185 3695 1322 3762 unguenti

179 3765 217 3826 >
240 3767 402 3829 ssltenetur
423 3765 466 3816 BV
484 3766 488 3831 Ι
505 3764 582 3818 Odor
600 3765 640 3818 bis
659 3770 715 3818 stat
734 3770 773 3832 >
791 3770 806 3831 β
823 3765 827 3834 Ι
845 3767 878 3820 10
898 3765 972 3818 lnfra
992 3769 1006 3831 β
1025 3766 1056 3830 ΙΒ
1076 3769 1165 3818 sumet
1183 3764 1267 3829 intra)
1286 3766 1321 3818 ei-

178 3838 267 3888 vitete
286 3835 345 3902 ipsa
364 3837 443 3904 (tem
463 3836 551 3904 ipsam
572 3835 642 3901 BVt)
661 3854 731 3903 quae
750 3837 854 3890 dicitur
874 3837 913 3891 Gl.
936 3837 1037 3904 (disma
1058 3836 1087 3900 B)
1108 3838 1142 3900 βΙ
1164 3836 1196 3887 11
1216 3836 1322 3890 loculos

179 3906 839 3973 βι1211111>βΙΧΙΙΙ111111111111111

279 3977 312 4030 13
331 3981 359 4032 et
378 3978 441 4031 inde
463 3983 477 4044 β
504 3981 509 4043 Ι
535 3979 591 4032 Mic
610 3978 669 4032 dean
693 3979 769 4032 Wort
787 3980 918 4048 spelunea
935 3979 997 4033 bort
1017 3980 1044 4031 M
1064 3979 1118 4045 auf
1136 3975 1140 4047 Ι
1165 3977 1246 4031 Pauli
1265 3995 1321 4032 ere-

178 4047 263 4101 mitae
291 4066 360 4116 quee
388 4054 503 4103 uocetur
522 4051 580 4117 Syr.
603 4054 617 4115 β
643 4051 647 4113 Ι
673 4050 708 4102 14
727 4051 774 4119 qui
798 4051 859 4104 fons
882 4055 982 4116 (toturn
1003 4055 1040 4116 <
1063 4050 1092 4115 B)
1115 4051 1208 4102 locum
1231 4050 1322 4118 ipsum

177 4119 280 4188 irriget
298 4120 373 4173 BrBt
392 4123 430 4184 >
452 4121 475 4174 V
491 4123 495 4188 Ι
514 4122 547 4174 14
566 4121 676 4174 Exinde
695 4127 841 4190 pergentes
860 4139 921 4175 ven.
941 4126 956 4187 β
973 4121 976 4192 Ι
994 4124 1027 4174 111
1046 4126 1170 4175 earaetas
1192 4121 1322 4188 11111116

177 4191 353 4256 munitio>
374 4196 388 4258 β
414 4191 417 4262 Ι
442 4211 526 4246 manu
547 4194 572 4246 h.
591 4193 666 4245 facta
684 4191 796 4257 (factum
816 4192 850 4261 V)
875 4198 903 4246 et
922 4193 1007 4247 habet
1024 4211 1067 4263 gr.
1087 4193 1139 4246 Xll
1159 4196 1174 4257 β
1195 4190 1198 4261 Ι
1225 4193 1258 4247 17
1278 4193 1322 4245 Ex

178 4265 297 4330 utraque
316 4269 395 4330 parte
414 4267 536 4332 ipsarum
557 4266 607 4330 (>
627 4265 650 4333 t)
673 4269 846 4318 cerastarum
867 4265 948 4332 (Bra)
966 4271 1030 4317 sunt
1051 4269 1065 4331 β
1086 4269 1090 4328 Ι
1111 4266 1145 4318 18
1164 4262 1322 4317 aedificasse

177 4332 230 4386 dic.
248 4333 287 4386 fil.
313 4335 388 4387 Loth
411 4339 440 4388 et
463 4355 517 4390 una
541 4353 637 4390 eorum
662 4339 676 4401 β
697 4337 701 4402 Ι
723 4335 853 4388 19Τ111111
879 4336 1005 4390 venimus
1026 4340 1040 4402 β
1065 4338 1069 4404 Ι
1094 4335 1220 4390 Thaneos
1239 4339 1268 4389 et
1292 4336 1321 4389 in

177 4403 299 4474 Nemphi
316 4405 454 4476 (Nemphy
474 4407 510 4460 Br
528 4407 645 4476 Nimphi
664 4407 694 4472 ΒΙ
713 4406 829 4460 civitate
847 4410 875 4460 et
894 4407 1001 4462 Antino
1021 4412 1035 4475 β
1052 4405 1057 4479 Ι
1073 4425 1107 4462 ex
1126 4424 1181 4476 qua
1200 4410 1215 4473 β
1232 4409 1236 4476 Ι
