3148 5128
803 269 845 338 34

244 458 364 526 -Ilrinde
394 457 606 524 descendimus
635 455 667 522 in
694 456 950 538 Mesopotamiam
977 457 1010 522 in
1044 457 1204 524 civitatem
1233 458 1393 526 Chalcida.

245 562 363 627 llrinde
383 561 525 626 venimus
547 561 578 623 in
603 559 730 632 (terrun,
755 558 808 622 ubi
831 561 924 622 natus
948 558 995 623 est
1015 558 1186 638 Abraham,
1210 562 1241 625 et
1267 562 1393 627 descen-

245 663 350 728 dentes
368 661 510 726 venimus
531 661 564 725 in
579 660 739 726 civitatem
752 659 979 742 Barbariesum,
1002 661 1056 724 ubi
1077 662 1242 744 requiescit
1263 665 1391 728 sanctus

245 764 396 838 Bacchus,
429 763 525 827 frater
552 762 665 827 sanctii
693 761 803 844 Sergii.
848 760 969 826 Exinde
996 763 1138 826 venimus
1163 764 1196 826 in
1229 765 1389 830 civitatem

222 863 363 939 sSuram,
385 883 438 946 per
453 883 546 946 quam
570 863 729 927 civitatem
752 862 886 926 mediam
902 862 1060 927 descendit
1077 863 1190 929 fluvius
1206 866 1391 947 Euphratae,

243 965 298 1047 qui
319 964 438 1046 inipso
461 963 528 1028 loco
550 982 602 1044 per
617 964 743 1044 pontem
762 962 924 1026 transitur.
960 963 997 1026 ln
1020 964 1087 1045 ipsa
1102 965 1176 1028 sunt
1197 966 1280 1046 passi
1300 985 1390 1031 sano-

135 1081 137 1086 ’
242 1066 293 1130 tus
314 1065 442 1146 Sergius
463 1065 494 1129 et
520 1065 646 1128 sanctus
668 1063 822 1138 Bacchus,
854 1063 885 1126 et
907 1062 1010 1126 decem
1036 1065 1066 1128 et
1089 1065 1159 1129 octo
1189 1065 1276 1130 milia
1303 1066 1391 1132 intus

241 1167 323 1231 inter
345 1166 514 1232 Saracenos
536 1165 568 1230 in
590 1183 690 1230 eremo
713 1163 878 1246 requiescit
908 1166 1035 1229 sanctus
1058 1164 1184 1248 Sergius
1206 1167 1238 1230 in
1261 1167 1390 1234 civitate

220 1267 455 1350 oTetrapprgio.

241 1469 337 1505 eorum
356 1451 381 1504 R
406 1451 411 1512 Ι
433 1452 447 1503 1
468 1451 506 1504 Et
524 1451 588 1504 inde
607 1449 631 1503 G
652 1454 656 1516 Ι
676 1451 845 1519 mesopomia
865 1449 888 1504 G
909 1451 913 1516 Ι
934 1450 1064 1504 chalceus
1082 1451 1106 1504 R
1125 1451 1274 1504 calcedone
1293 1451 1315 1504 G
1342 1455 1345 1518 Ι
1371 1453 1389 1506 2

241 1540 350 1576 carram
369 1521 497 1589 Gldisc.
517 1540 566 1575 nos
585 1522 649 1575 inde
669 1538 732 1575 ven.
751 1523 773 1574 G
791 1523 827 1587 13
847 1527 917 1575 -tate
936 1540 977 1576 ·so
998 1522 1096 1583 Glibi
1117 1520 1161 1592 ul
1183 1522 1200 1574 4
1219 1522 1326 1576 Deinde
1345 1522 1390 1591 Gl

240 1599 311 1647 tate
330 1593 379 1647 RG
397 1592 400 1664 Ι
417 1594 434 1648 5
453 1593 537 1647 Suras
556 1593 579 1646 G
597 1593 672 1646 foras
691 1592 717 1646 R
733 1592 737 1664 Ι
754 1611 809 1661 qua
828 1599 866 1646 -te
886 1611 913 1646 -a
933 1593 1123 1662 Gleufraten
1141 1593 1167 1647 R
1187 1593 1323 1662 euphrata
1342 1594 1365 1647 G
1385 1595 1389 1662 Ι

240 1667 256 1718 6
275 1671 360 1734 ponte
380 1666 403 1718 G
424 1667 428 1734 Ι
450 1666 521 1733 passi
542 1665 647 1717 suntG
674 1665 678 1734 Ι
703 1667 767 1718 let
787 1665 822 1718 ad
840 1665 986 1718 duodecim
1011 1666 1035 1718 G
1059 1669 1063 1730 Ι
1088 1665 1152 1718 Sin
1173 1665 1231 1718 her.
1256 1666 1307 1719 int.
1326 1665 1386 1720 Sar.

240 1736 264 1789 G
286 1739 291 1802 Ι
316 1737 332 1790 9
351 1737 420 1790 titra
438 1739 567 1807 pergium
588 1736 612 1788 R
642 1738 823 1806 titrapergire
842 1736 865 1790 G
888 1739 892 1803 Ι
915 1737 1038 1805 Explicit
1055 1737 1106 1790 deo
1128 1737 1278 1790 adiuvante
1297 1755 1386 1790 amen.

240 1808 265 1861 R
284 1807 364 1877 Expl.
385 1807 416 1861 G.

240 1961 407 2029 Chalcidass
432 1961 436 2032 Ι
462 1963 565 2016 Slnde
593 1981 655 2017 ven.
684 1963 789 2017 Garran
809 1965 845 2030 (nn
865 1963 890 2031 t)
912 1964 916 2029 Ι
939 1967 996 2016 nat.
1015 1963 1069 2016 luit
1087 1963 1155 2015 Abr.
1185 1965 1214 2015 et
1242 1962 1307 2015 inde
1325 1979 1385 2016 ven.

239 2033 276 2086 in.
296 2034 346 2086 civ.
366 2033 529 2088 Barbarisso
550 2038 565 2101 β
587 2037 592 2100 Ι
617 2034 767 2104 4Georgii
787 2039 801 2101 β
824 2034 828 2105 Ι
849 2035 916 2088 Inde
937 2039 951 2100 β
977 2039 980 2098 Ι
1007 2035 1023 2088 5
1043 2034 1132 2087 Suran
1151 2032 1212 2086 BrV
1235 2034 1239 2100 Ι
1260 2051 1310 2102 per
1332 2051 1387 2100 qua

239 2105 330 2158 media
349 2106 463 2159 civitate
482 2105 520 2159 Br
545 2124 582 2158 ·m
603 2125 641 2158 -rn
665 2113 733 2159 -tem
758 2108 807 2171 (>
827 2113 851 2170 t)
876 2105 913 2158 Vt
937 2111 941 2175 Ι
967 2106 1051 2174 (iqui
1068 2106 1171 2158 ibidem
1190 2123 1217 2172 p.
1236 2123 1263 2172 p.
1284 2109 1299 2171 β
1323 2107 1328 2168 Ι
1353 2105 1386 2157 In

238 2176 299 2244 ipsa
319 2177 432 2230 civitate
451 2196 478 2247 p.
498 2183 562 2230 sunt
581 2195 602 2230 s.
622 2177 721 2232 Bacch.
741 2184 769 2231 et
787 2196 808 2230 s.
827 2177 971 2245 Georgius,
1003 2177 1052 2230 sed
1070 2194 1090 2230 s.
1111 2177 1247 2246 Georgius
1266 2177 1296 2230 in
1320 2177 1385 2230 civi·

239 2251 297 2300 tate
316 2248 390 2316 Tyra
408 2250 557 2317 requiescit
576 2248 661 2302 Bth.

273 2319 329 2372 Die
348 2319 564 2388 Handsclrristers
583 2321 629 2374 der
647 2320 758 2375 awriten
775 2319 867 2373 Classe
886 2319 970 2373 soom
987 2318 1112 2388 folpeade
1130 2318 1347 2386 Sclolussaclorift:

336 2391 415 2444 Tunc
438 2409 488 2460 per
511 2396 590 2445 tanta
616 2396 644 2445 et
667 2392 735 2445 talia
759 2391 877 2444 vidimus
896 2393 958 2444 loca
981 2393 1009 2443 in
1032 2391 1173 2443 miraculis
1195 2391 1295 2458 posita.
1332 2389 1384 2443 Re·

237 2463 310 2516 versi
329 2468 393 2530 post
411 2481 462 2516 nos
481 2464 631 2531 permulta
648 2464 769 2524 castella,
789 2479 841 2530 per
853 2463 970 2531 plateas,
989 2463 1075 2529 vicos,
1093 2463 1174 2514 villas
1196 2462 1241 2514 vel
1255 2462 1384 2514 civitates

237 2550 271 2586 ex
295 2539 352 2587 tam
378 2535 462 2604 longo
489 2536 589 2588 itinere
615 2535 755 2603 coepimus
780 2535 882 2588 iterum
912 2535 963 2599 (ita
992 2535 1039 2602 ΒΓ)
1070 2550 1183 2601 carpere
1207 2537 1384 2586 transeuntes

236 2622 313 2658 mare
333 2605 383 2671 (Et
402 2608 441 2670 >
461 2609 493 2668 t).
531 2605 664 2659 Venimus
686 2606 796 2658 Italiam
815 2606 959 2674 propriam
978 2606 1121 2675 regionem
1142 2603 1195 2672 (pr.
1215 2621 1273 2674 reg.
1293 2608 1332 2668 >
1352 2605 1384 2667 t),

236 2675 385 2729 adiuvante
398 2677 510 2730 domino
529 2677 590 2730 Iesu
604 2678 714 2730 Christo
733 2679 840 2744 (nostro
857 2681 895 2742 <
910 2667 951 2742 V).
984 2677 1065 2744 [Hier
1079 2676 1169 2745 oedipi
1182 2674 1215 2742 al,
1234 2692 1286 2743 pro
1307 2676 1384 2728 cuius

236 2764 330 2800 amore
353 2748 388 2800 ab
408 2749 460 2801 hac
478 2751 538 2801 loco
558 2749 619 2810 (hoc
639 2751 698 2802 loco
718 2751 742 2817 t)
761 2751 868 2818 egressi
886 2749 1034 2818 providere
1053 2748 1210 2816 (pervidere
1230 2751 1252 2812 tl
1272 2747 1382 2809 ivimus,

235 2824 291 2871 tam
313 2835 362 2872 sua
381 2818 472 2886 (tanta
485 2821 544 2873 eius
558 2823 581 2888 t)
601 2820 749 2881 mirabilia,
771 2837 841 2888 quae
858 2822 918 2889 ipse
937 2822 1009 2873 inter
1028 2820 1153 2872 homines
1168 2819 1297 2871 habitans
1316 2817 1384 2870 fecit

238 2893 266 2942 et
285 2890 431 2943 beatorum
450 2892 639 2959 apostolorum
660 2895 699 2954 (et
716 2892 743 2945 b.
763 2910 806 2960 ap.
826 2895 865 2956 >
885 2894 909 2956 t)
928 2892 971 2944 vel
991 2909 1062 2960 quae
1081 2895 1146 2943 ante
1165 2894 1274 2958 tempus
1293 2889 1383 2942 incar-

235 2961 356 3015 nationis
374 2980 440 3016 suae
459 2980 493 3016 ex
512 2963 622 3032 virgine
647 2967 691 3029 (ex
709 2981 735 3016 v.
757 2967 795 3025 >
816 2968 838 3031 t)
859 2967 1000 3030 assumpta
1024 2965 1073 3028 Ι>
1095 2961 1118 3030 t)
1143 2962 1209 3014 olim
1228 2978 1278 3028 per
1295 2960 1383 3028 patri-

235 3033 333 3087 archas
356 3039 384 3088 et
406 3035 556 3106 prophetas
580 3052 643 3088 suos
668 3035 772 3088 fecerat
796 3035 870 3088 Iesus
891 3035 1016 3087 Christus
1042 3033 1169 3086 dominus
1194 3037 1297 3084 noster.
1338 3031 1383 3085 Vi·

235 3110 330 3158 ventes
349 3111 464 3159 ovantes
482 3106 607 3159 venimus
629 3106 799 3160 Placentiam
819 3106 962 3174 propriam
983 3104 1034 3172 (>
1052 3108 1074 3169 tl
1097 3104 1238 3158 civitatem
1257 3107 1382 3155 nostram

234 3177 353 3243 positam
372 3179 422 3243 (te
440 3183 508 3230 tam
527 3177 575 3243 Br)
595 3195 677 3246 super
698 3177 814 3230 fluvium
834 3179 881 3244 qui
900 3177 1003 3230 dicitur
1018 3176 1110 3229 Padus
1130 3175 1242 3244 (pardus
1257 3175 1294 3226 Br
1306 3177 1344 3236 >
1357 3175 1380 3240 t)

233 3246 306 3299 infra
323 3248 380 3301 iam
398 3248 473 3302 dicta
493 3249 575 3302 ltalia
592 3251 671 3313 (dam
688 3251 756 3302 iam
775 3253 806 3316 t).
842 3249 892 3304 Br:
911 3249 1034 3316 Explicit
1053 3247 1172 3302 feliciter
1191 3263 1280 3300 amen.
